<?xml version="1.0" encoding="UTF-8"?>
<marc:record xmlns:marc="http://www.loc.gov/MARC21/slim" xmlns:xsi="http://www.w3.org/2001/XMLSchema-instance" xsi:schemaLocation="http://www.loc.gov/standards/marcxml/schema/MARC21slim.xsd">
  <marc:leader>00000ndm a2200000 u 4500</marc:leader>
  <marc:controlfield tag="001">301050554</marc:controlfield>
  <marc:controlfield tag="003">DE-633</marc:controlfield>
  <marc:controlfield tag="005">20211029200643.0</marc:controlfield>
  <marc:controlfield tag="008">140827##################################</marc:controlfield>
  <marc:datafield tag="031" ind1=" " ind2=" ">
    <marc:subfield code="a">1</marc:subfield>
    <marc:subfield code="b">1</marc:subfield>
    <marc:subfield code="c">1</marc:subfield>
    <marc:subfield code="d">Allegro</marc:subfield>
    <marc:subfield code="g">G-2</marc:subfield>
    <marc:subfield code="m">vl 1</marc:subfield>
    <marc:subfield code="n">xFC</marc:subfield>
    <marc:subfield code="o">c</marc:subfield>
    <marc:subfield code="p">{8''D6EF}{8D'A}{B6BA}{8B''C}/i/</marc:subfield>
    <marc:subfield code="r">D</marc:subfield>
    <marc:subfield code="z">Coro, vl (2), cor (2), org</marc:subfield>
    <marc:subfield code="2">pe</marc:subfield>
  </marc:datafield>
  <marc:datafield tag="031" ind1=" " ind2=" ">
    <marc:subfield code="a">1</marc:subfield>
    <marc:subfield code="b">1</marc:subfield>
    <marc:subfield code="c">2</marc:subfield>
    <marc:subfield code="d">Dixit. Allegro</marc:subfield>
    <marc:subfield code="g">C-1</marc:subfield>
    <marc:subfield code="m">S coro</marc:subfield>
    <marc:subfield code="n">xFC</marc:subfield>
    <marc:subfield code="o">c</marc:subfield>
    <marc:subfield code="p">4.''D8'A{B6BA}{8B''C}/i/{DF}{D'A}</marc:subfield>
    <marc:subfield code="r">D</marc:subfield>
    <marc:subfield code="t">Dixit Dominus, Domino meo sede a dextris meis</marc:subfield>
    <marc:subfield code="t">Domine ad adjuvandum, me festina</marc:subfield>
    <marc:subfield code="z">Coro, vl (2), cor (2), org</marc:subfield>
    <marc:subfield code="2">pe</marc:subfield>
  </marc:datafield>
  <marc:datafield tag="031" ind1=" " ind2=" ">
    <marc:subfield code="a">1</marc:subfield>
    <marc:subfield code="b">2</marc:subfield>
    <marc:subfield code="c">1</marc:subfield>
    <marc:subfield code="d">All[egr]o Moder[ato]</marc:subfield>
    <marc:subfield code="g">G-2</marc:subfield>
    <marc:subfield code="m">vl 1</marc:subfield>
    <marc:subfield code="n">xF</marc:subfield>
    <marc:subfield code="o">3/4</marc:subfield>
    <marc:subfield code="p">D/G{8BG''D'A}/2''D{8'BG}/{AB''C'AGF}/</marc:subfield>
    <marc:subfield code="r">G</marc:subfield>
    <marc:subfield code="z">A, Coro, orch, org</marc:subfield>
    <marc:subfield code="2">pe</marc:subfield>
  </marc:datafield>
  <marc:datafield tag="031" ind1=" " ind2=" ">
    <marc:subfield code="a">1</marc:subfield>
    <marc:subfield code="b">2</marc:subfield>
    <marc:subfield code="c">2</marc:subfield>
    <marc:subfield code="d">Confitebor. Allegro moderato</marc:subfield>
    <marc:subfield code="g">C-3</marc:subfield>
    <marc:subfield code="m">A</marc:subfield>
    <marc:subfield code="n">xF</marc:subfield>
    <marc:subfield code="o">3/4</marc:subfield>
    <marc:subfield code="p">D/G{8BG}{''D'A}/2''D{8'BG}/{AB''C'A}{GF}/</marc:subfield>
    <marc:subfield code="r">G</marc:subfield>
    <marc:subfield code="t">Confitebor, tibi Domine in toto corde meo in consilio justorum et congregatione</marc:subfield>
    <marc:subfield code="z">A, Coro, orch, org</marc:subfield>
    <marc:subfield code="2">pe</marc:subfield>
  </marc:datafield>
  <marc:datafield tag="031" ind1=" " ind2=" ">
    <marc:subfield code="a">1</marc:subfield>
    <marc:subfield code="b">2</marc:subfield>
    <marc:subfield code="c">3</marc:subfield>
    <marc:subfield code="d">[Confitebor] Allegro moderato</marc:subfield>
    <marc:subfield code="g">C-1</marc:subfield>
    <marc:subfield code="m">S coro</marc:subfield>
    <marc:subfield code="n">xF</marc:subfield>
    <marc:subfield code="o">3/4</marc:subfield>
    <marc:subfield code="p">-/=16/G{8BG}{FD}/{GF}{GB}4''D/</marc:subfield>
    <marc:subfield code="r">G</marc:subfield>
    <marc:subfield code="t">Magna opera Domini, exquisita in omnes voluntates ejus</marc:subfield>
    <marc:subfield code="z">A, Coro, orch, org</marc:subfield>
    <marc:subfield code="2">pe</marc:subfield>
  </marc:datafield>
  <marc:datafield tag="031" ind1=" " ind2=" ">
    <marc:subfield code="a">1</marc:subfield>
    <marc:subfield code="b">3</marc:subfield>
    <marc:subfield code="c">1</marc:subfield>
    <marc:subfield code="d">All[egr]o Moderato</marc:subfield>
    <marc:subfield code="g">G-2</marc:subfield>
    <marc:subfield code="m">vl 1</marc:subfield>
    <marc:subfield code="n">xF</marc:subfield>
    <marc:subfield code="o">c/</marc:subfield>
    <marc:subfield code="p">''E{8EG}4'B''xD/i/E{8FG}4E{8GA}/</marc:subfield>
    <marc:subfield code="r">G</marc:subfield>
    <marc:subfield code="z">Coro, vl (2), org</marc:subfield>
    <marc:subfield code="2">pe</marc:subfield>
  </marc:datafield>
  <marc:datafield tag="031" ind1=" " ind2=" ">
    <marc:subfield code="a">1</marc:subfield>
    <marc:subfield code="b">3</marc:subfield>
    <marc:subfield code="c">2</marc:subfield>
    <marc:subfield code="d">Beatus. Moderato</marc:subfield>
    <marc:subfield code="g">C-1</marc:subfield>
    <marc:subfield code="m">S coro</marc:subfield>
    <marc:subfield code="n">xF</marc:subfield>
    <marc:subfield code="o">c/</marc:subfield>
    <marc:subfield code="p">4.''E8G4'B''xD/E{8EG}4'B''xD/E{8FG}4E{8GA}/</marc:subfield>
    <marc:subfield code="r">G</marc:subfield>
    <marc:subfield code="t">Beatus vir, qui timet Dominum</marc:subfield>
    <marc:subfield code="z">Coro, vl (2), org</marc:subfield>
    <marc:subfield code="2">pe</marc:subfield>
  </marc:datafield>
  <marc:datafield tag="031" ind1=" " ind2=" ">
    <marc:subfield code="a">1</marc:subfield>
    <marc:subfield code="b">4</marc:subfield>
    <marc:subfield code="c">1</marc:subfield>
    <marc:subfield code="d">All[egr]o</marc:subfield>
    <marc:subfield code="g">G-2</marc:subfield>
    <marc:subfield code="m">vl 1</marc:subfield>
    <marc:subfield code="o">2/4</marc:subfield>
    <marc:subfield code="p">{8GGGG}/i/i/i/</marc:subfield>
    <marc:subfield code="r">C</marc:subfield>
    <marc:subfield code="z">B, Coro, orch, org</marc:subfield>
    <marc:subfield code="2">pe</marc:subfield>
  </marc:datafield>
  <marc:datafield tag="031" ind1=" " ind2=" ">
    <marc:subfield code="a">1</marc:subfield>
    <marc:subfield code="b">4</marc:subfield>
    <marc:subfield code="c">2</marc:subfield>
    <marc:subfield code="d">Laudate. Allegro</marc:subfield>
    <marc:subfield code="g">F-4</marc:subfield>
    <marc:subfield code="m">B</marc:subfield>
    <marc:subfield code="o">2/4</marc:subfield>
    <marc:subfield code="p">,CE/G'C/{6C,B}{AG}8'C{6DE}/{C,B}{AG}8'C{6DE}/</marc:subfield>
    <marc:subfield code="r">C</marc:subfield>
    <marc:subfield code="t">Laudate Dominum, omnes gentes laudate eum omnes populi</marc:subfield>
    <marc:subfield code="z">B, Coro, orch, org</marc:subfield>
    <marc:subfield code="2">pe</marc:subfield>
  </marc:datafield>
  <marc:datafield tag="031" ind1=" " ind2=" ">
    <marc:subfield code="a">1</marc:subfield>
    <marc:subfield code="b">4</marc:subfield>
    <marc:subfield code="c">3</marc:subfield>
    <marc:subfield code="d">[Laudate] Allegro</marc:subfield>
    <marc:subfield code="g">C-1</marc:subfield>
    <marc:subfield code="m">S coro</marc:subfield>
    <marc:subfield code="o">2/4</marc:subfield>
    <marc:subfield code="p">=15/''C{6C'B}{AG}/4.''C{6DE}/4C{6C'B}{AG}/</marc:subfield>
    <marc:subfield code="r">C</marc:subfield>
    <marc:subfield code="t">Sit nomen Domini benedictum, ex hoc nunc</marc:subfield>
    <marc:subfield code="z">B, Coro, orch, org</marc:subfield>
    <marc:subfield code="2">pe</marc:subfield>
  </marc:datafield>
  <marc:datafield tag="031" ind1=" " ind2=" ">
    <marc:subfield code="a">1</marc:subfield>
    <marc:subfield code="b">5</marc:subfield>
    <marc:subfield code="c">1</marc:subfield>
    <marc:subfield code="d">All[egr]o</marc:subfield>
    <marc:subfield code="g">G-2</marc:subfield>
    <marc:subfield code="m">vl 1</marc:subfield>
    <marc:subfield code="n">xFC</marc:subfield>
    <marc:subfield code="o">2/4</marc:subfield>
    <marc:subfield code="p">{6''DEFD}{DCEG}/{FAFD}{GEDC}/</marc:subfield>
    <marc:subfield code="r">D</marc:subfield>
    <marc:subfield code="z">Coro, vl (2), cor (2), org</marc:subfield>
    <marc:subfield code="2">pe</marc:subfield>
  </marc:datafield>
  <marc:datafield tag="031" ind1=" " ind2=" ">
    <marc:subfield code="a">1</marc:subfield>
    <marc:subfield code="b">5</marc:subfield>
    <marc:subfield code="c">2</marc:subfield>
    <marc:subfield code="d">Magnificat. Allegro</marc:subfield>
    <marc:subfield code="g">C-1</marc:subfield>
    <marc:subfield code="m">S coro</marc:subfield>
    <marc:subfield code="n">xFC</marc:subfield>
    <marc:subfield code="o">2/4</marc:subfield>
    <marc:subfield code="p">''D8CE/D{DE}C/DDCE/DDEC/</marc:subfield>
    <marc:subfield code="r">D</marc:subfield>
    <marc:subfield code="t">Magnificat, anima mea Dominum</marc:subfield>
    <marc:subfield code="z">Coro, vl (2), cor (2), org</marc:subfield>
    <marc:subfield code="2">pe</marc:subfield>
  </marc:datafield>
  <marc:datafield tag="031" ind1=" " ind2=" ">
    <marc:subfield code="a">1</marc:subfield>
    <marc:subfield code="b">6</marc:subfield>
    <marc:subfield code="c">1</marc:subfield>
    <marc:subfield code="d">Andante</marc:subfield>
    <marc:subfield code="g">G-2</marc:subfield>
    <marc:subfield code="m">vl 1</marc:subfield>
    <marc:subfield code="n">bB</marc:subfield>
    <marc:subfield code="o">3/4</marc:subfield>
    <marc:subfield code="p">{8.''D6xC}{8DE}{F6ED}/{8xC6C'A}{8''DE}{F6ED}/</marc:subfield>
    <marc:subfield code="r">d</marc:subfield>
    <marc:subfield code="z">S, vl (2), org</marc:subfield>
    <marc:subfield code="2">pe</marc:subfield>
  </marc:datafield>
  <marc:datafield tag="031" ind1=" " ind2=" ">
    <marc:subfield code="a">1</marc:subfield>
    <marc:subfield code="b">6</marc:subfield>
    <marc:subfield code="c">2</marc:subfield>
    <marc:subfield code="d">Fecit. Andante</marc:subfield>
    <marc:subfield code="g">C-1</marc:subfield>
    <marc:subfield code="m">S</marc:subfield>
    <marc:subfield code="n">bB</marc:subfield>
    <marc:subfield code="o">2/4</marc:subfield>
    <marc:subfield code="p">=8/{8.''D6xC8DE}F{6ED}/8xC{6C'A}8''DEF{6ED}/</marc:subfield>
    <marc:subfield code="r">d</marc:subfield>
    <marc:subfield code="t">Fecit potentiam, in brachio suo</marc:subfield>
    <marc:subfield code="z">S, vl (2), org</marc:subfield>
    <marc:subfield code="2">pe</marc:subfield>
  </marc:datafield>
  <marc:datafield tag="031" ind1=" " ind2=" ">
    <marc:subfield code="a">1</marc:subfield>
    <marc:subfield code="b">7</marc:subfield>
    <marc:subfield code="c">1</marc:subfield>
    <marc:subfield code="d">Adagio</marc:subfield>
    <marc:subfield code="g">G-2</marc:subfield>
    <marc:subfield code="m">vl 1</marc:subfield>
    <marc:subfield code="n">xFC</marc:subfield>
    <marc:subfield code="o">3/4</marc:subfield>
    <marc:subfield code="p">{8''FAAGEF}/{6DC8'B}4A{8A6B''C}/</marc:subfield>
    <marc:subfield code="r">D</marc:subfield>
    <marc:subfield code="z">Coro, vl (2), cor (2), org</marc:subfield>
    <marc:subfield code="2">pe</marc:subfield>
  </marc:datafield>
  <marc:datafield tag="031" ind1=" " ind2=" ">
    <marc:subfield code="a">1</marc:subfield>
    <marc:subfield code="b">7</marc:subfield>
    <marc:subfield code="c">2</marc:subfield>
    <marc:subfield code="d">Gloria. Adagio</marc:subfield>
    <marc:subfield code="g">C-1</marc:subfield>
    <marc:subfield code="m">S coro</marc:subfield>
    <marc:subfield code="n">xFC</marc:subfield>
    <marc:subfield code="o">3/4</marc:subfield>
    <marc:subfield code="p">''DDD/2D4D/DDD/4.D8D4D/</marc:subfield>
    <marc:subfield code="r">D</marc:subfield>
    <marc:subfield code="t">Gloria patri, et filio et spiritui sancto</marc:subfield>
    <marc:subfield code="z">Coro, vl (2), cor (2), org</marc:subfield>
    <marc:subfield code="2">pe</marc:subfield>
  </marc:datafield>
  <marc:datafield tag="031" ind1=" " ind2=" ">
    <marc:subfield code="a">1</marc:subfield>
    <marc:subfield code="b">8</marc:subfield>
    <marc:subfield code="c">1</marc:subfield>
    <marc:subfield code="d">All[egr]o</marc:subfield>
    <marc:subfield code="g">G-2</marc:subfield>
    <marc:subfield code="m">vl 1</marc:subfield>
    <marc:subfield code="n">xFC</marc:subfield>
    <marc:subfield code="o">2/4</marc:subfield>
    <marc:subfield code="p">{6''FGFE}{8D6EF}/{GAGF}{EFGA}/</marc:subfield>
    <marc:subfield code="r">D</marc:subfield>
    <marc:subfield code="z">Coro, vl (2), cor (2), org</marc:subfield>
    <marc:subfield code="2">pe</marc:subfield>
  </marc:datafield>
  <marc:datafield tag="031" ind1=" " ind2=" ">
    <marc:subfield code="a">1</marc:subfield>
    <marc:subfield code="b">8</marc:subfield>
    <marc:subfield code="c">2</marc:subfield>
    <marc:subfield code="d">Sicut. Allegro</marc:subfield>
    <marc:subfield code="g">C-1</marc:subfield>
    <marc:subfield code="m">S coro</marc:subfield>
    <marc:subfield code="n">xFC</marc:subfield>
    <marc:subfield code="o">2/4</marc:subfield>
    <marc:subfield code="p">=8/''DD/EE/DD/8CCCC/</marc:subfield>
    <marc:subfield code="r">D</marc:subfield>
    <marc:subfield code="t">Sicut erat, in principio et nunc et semper</marc:subfield>
    <marc:subfield code="z">Coro, vl (2), cor (2), org</marc:subfield>
    <marc:subfield code="2">pe</marc:subfield>
  </marc:datafield>
  <marc:datafield tag="040" ind1=" " ind2=" ">
    <marc:subfield code="a">DE-633</marc:subfield>
    <marc:subfield code="b">eng</marc:subfield>
  </marc:datafield>
  <marc:datafield tag="041" ind1="0" ind2=" ">
    <marc:subfield code="a">lat</marc:subfield>
  </marc:datafield>
  <marc:datafield tag="100" ind1="1" ind2=" ">
    <marc:subfield code="a">Dankowski, Adalbert</marc:subfield>
    <marc:subfield code="d">1760c-1814c</marc:subfield>
    <marc:subfield code="j">Ascertained</marc:subfield>
    <marc:subfield code="0">pe30000793</marc:subfield>
  </marc:datafield>
  <marc:datafield tag="240" ind1="1" ind2="0">
    <marc:subfield code="a">Vespers</marc:subfield>
    <marc:subfield code="m">Coro, orch, org</marc:subfield>
    <marc:subfield code="r">D</marc:subfield>
    <marc:subfield code="0">3900116</marc:subfield>
  </marc:datafield>
  <marc:datafield tag="245" ind1="1" ind2="0">
    <marc:subfield code="a">[cover title:] N|r|o 3. [later with pencil:] a | VESPERE. | [later:] ex D. | Pastorales. [at right with pencil:] Sic ! | a IX. Vocibus. | Canto. Alto. | Tenore. Basso. | Violino. I=|m|o. &amp; II=d|o. | Cornu. I=|m|o. &amp; II=d|o. | et | ORGANO. | Del Sig: Dankowski. | Konwentu Staniąteckiego 1804. | [bottom middle:] N|r|o 3.</marc:subfield>
  </marc:datafield>
  <marc:datafield tag="260" ind1=" " ind2=" ">
    <marc:subfield code="c">1804</marc:subfield>
    <marc:subfield code="8">01</marc:subfield>
  </marc:datafield>
  <marc:datafield tag="300" ind1=" " ind2=" ">
    <marc:subfield code="a">9 parts</marc:subfield>
    <marc:subfield code="8">01</marc:subfield>
  </marc:datafield>
  <marc:datafield tag="500" ind1=" " ind2=" ">
    <marc:subfield code="a">[pl-text: Karta tytułowa okładki przekreślona ołówkiem]</marc:subfield>
  </marc:datafield>
  <marc:datafield tag="500" ind1=" " ind2=" ">
    <marc:subfield code="a">[pl-text: Na f. 1 r S u góry z prawej: "Pastoralny”]</marc:subfield>
  </marc:datafield>
  <marc:datafield tag="500" ind1=" " ind2=" ">
    <marc:subfield code="a">[pl-text: Na f. 1r każdego głosu u góry z lewej czarnym tuszem: "N 3"]</marc:subfield>
  </marc:datafield>
  <marc:datafield tag="500" ind1=" " ind2=" ">
    <marc:subfield code="a">[pl-text: Foliacja ołówkiem (f. 1-22)]</marc:subfield>
  </marc:datafield>
  <marc:datafield tag="500" ind1=" " ind2=" ">
    <marc:subfield code="a">[pl-text: Brak konkordancji]</marc:subfield>
  </marc:datafield>
  <marc:datafield tag="563" ind1=" " ind2=" ">
    <marc:subfield code="a">[pl-text: 1 f. okładki rozdarte i sklejone od wewnątrz paskami papieru]</marc:subfield>
    <marc:subfield code="8">01</marc:subfield>
  </marc:datafield>
  <marc:datafield tag="590" ind1=" " ind2=" ">
    <marc:subfield code="a">Solo and Coro: S, A, B, Coro: T</marc:subfield>
    <marc:subfield code="b">3, 3, 2, 2 f.</marc:subfield>
    <marc:subfield code="8">01</marc:subfield>
  </marc:datafield>
  <marc:datafield tag="590" ind1=" " ind2=" ">
    <marc:subfield code="a">vl 1, 2</marc:subfield>
    <marc:subfield code="b">3, 3 f.</marc:subfield>
    <marc:subfield code="8">01</marc:subfield>
  </marc:datafield>
  <marc:datafield tag="590" ind1=" " ind2=" ">
    <marc:subfield code="a">cor 1, 2</marc:subfield>
    <marc:subfield code="b">1, 1 f.</marc:subfield>
    <marc:subfield code="8">01</marc:subfield>
  </marc:datafield>
  <marc:datafield tag="590" ind1=" " ind2=" ">
    <marc:subfield code="a">org (= bc)</marc:subfield>
    <marc:subfield code="b">2 f.</marc:subfield>
    <marc:subfield code="8">01</marc:subfield>
  </marc:datafield>
  <marc:datafield tag="593" ind1=" " ind2=" ">
    <marc:subfield code="a">Manuscript copy</marc:subfield>
    <marc:subfield code="8">01</marc:subfield>
  </marc:datafield>
  <marc:datafield tag="594" ind1=" " ind2=" ">
    <marc:subfield code="b">S</marc:subfield>
    <marc:subfield code="c">1</marc:subfield>
  </marc:datafield>
  <marc:datafield tag="594" ind1=" " ind2=" ">
    <marc:subfield code="b">A</marc:subfield>
    <marc:subfield code="c">1</marc:subfield>
  </marc:datafield>
  <marc:datafield tag="594" ind1=" " ind2=" ">
    <marc:subfield code="b">B</marc:subfield>
    <marc:subfield code="c">1</marc:subfield>
  </marc:datafield>
  <marc:datafield tag="594" ind1=" " ind2=" ">
    <marc:subfield code="b">Coro S</marc:subfield>
    <marc:subfield code="c">1</marc:subfield>
  </marc:datafield>
  <marc:datafield tag="594" ind1=" " ind2=" ">
    <marc:subfield code="b">Coro A</marc:subfield>
    <marc:subfield code="c">1</marc:subfield>
  </marc:datafield>
  <marc:datafield tag="594" ind1=" " ind2=" ">
    <marc:subfield code="b">Coro T</marc:subfield>
    <marc:subfield code="c">1</marc:subfield>
  </marc:datafield>
  <marc:datafield tag="594" ind1=" " ind2=" ">
    <marc:subfield code="b">Coro B</marc:subfield>
    <marc:subfield code="c">1</marc:subfield>
  </marc:datafield>
  <marc:datafield tag="594" ind1=" " ind2=" ">
    <marc:subfield code="b">vl</marc:subfield>
    <marc:subfield code="c">2</marc:subfield>
  </marc:datafield>
  <marc:datafield tag="594" ind1=" " ind2=" ">
    <marc:subfield code="b">cor in D</marc:subfield>
    <marc:subfield code="c">2</marc:subfield>
  </marc:datafield>
  <marc:datafield tag="594" ind1=" " ind2=" ">
    <marc:subfield code="b">org</marc:subfield>
    <marc:subfield code="c">1</marc:subfield>
  </marc:datafield>
  <marc:datafield tag="594" ind1=" " ind2=" ">
    <marc:subfield code="a">S, A, B, Coro S, Coro A, Coro T, Coro B, vl (2), cor in D (2), org</marc:subfield>
  </marc:datafield>
  <marc:datafield tag="599" ind1=" " ind2=" ">
    <marc:subfield code="b">full</marc:subfield>
  </marc:datafield>
  <marc:datafield tag="650" ind1="0" ind2="7">
    <marc:subfield code="a">Vespers</marc:subfield>
    <marc:subfield code="0">25149</marc:subfield>
  </marc:datafield>
  <marc:datafield tag="691" ind1=" " ind2="7">
    <marc:subfield code="a">MaciejewskiP 1984</marc:subfield>
    <marc:subfield code="n">p.62, no.24</marc:subfield>
    <marc:subfield code="0">lit30022863</marc:subfield>
  </marc:datafield>
  <marc:datafield tag="691" ind1=" " ind2="7">
    <marc:subfield code="a">KonikM 2016</marc:subfield>
    <marc:subfield code="n">p. 314</marc:subfield>
    <marc:subfield code="0">lit41001126</marc:subfield>
  </marc:datafield>
  <marc:datafield tag="730" ind1="0" ind2=" ">
    <marc:subfield code="a">Vesperae pastorales</marc:subfield>
    <marc:subfield code="g">RISM</marc:subfield>
    <marc:subfield code="0">4094931</marc:subfield>
  </marc:datafield>
  <marc:datafield tag="852" ind1=" " ind2=" ">
    <marc:subfield code="a">PL-STAb</marc:subfield>
    <marc:subfield code="d">N|r|o 3.</marc:subfield>
    <marc:subfield code="e">Biblioteka Opactwa Sióstr Benedyktynek p. w. św. Wojciecha</marc:subfield>
    <marc:subfield code="x">ks30006288</marc:subfield>
    <marc:subfield code="c">3a</marc:subfield>
    <marc:subfield code="p"/>
    <marc:subfield code="q"/>
    <marc:subfield code="u"/>
    <marc:subfield code="z"/>
  </marc:datafield>
  <marc:datafield tag="980" ind1=" " ind2=" ">
    <marc:subfield code="a">RISM</marc:subfield>
    <marc:subfield code="c">examined</marc:subfield>
  </marc:datafield>
</marc:record>
